<record><leader>01115cam a2200313 i 45 0</leader><controlfield tag="001">6804138</controlfield><controlfield tag="003">OCoLC</controlfield><controlfield tag="005">20150212152637.0</controlfield><controlfield tag="008">141201t20152015nyua          000 0 eng d</controlfield><datafield ind1=" " ind2=" " tag="010"><subfield code="a">2014950923</subfield></datafield><datafield ind1=" " ind2=" " tag="020"><subfield code="a">1493914316</subfield><subfield code="q">(cloth)</subfield></datafield><datafield ind1=" " ind2=" " tag="020"><subfield code="a">9781493914319</subfield><subfield code="q">(cloth)</subfield></datafield><datafield ind1=" " ind2=" " tag="035"><subfield code="a">ocn897090937</subfield></datafield><datafield ind1=" " ind2=" " tag="040"><subfield code="a">CDX</subfield><subfield code="b">eng</subfield><subfield code="c">CDX</subfield><subfield code="d">OCLCQ</subfield><subfield code="e">rda</subfield><subfield code="d">AEGMCT</subfield></datafield><datafield ind1=" " ind2="4" tag="050"><subfield code="a">RC569.5.H63</subfield></datafield><datafield ind1="0" ind2="4" tag="082"><subfield code="a">616.9</subfield><subfield code="2">23</subfield></datafield><datafield ind1=" " ind2=" " tag="090"><subfield code="a">RC569.5 .H63 T65 2015</subfield><subfield code="b">AEGMCT</subfield></datafield><datafield ind1="1" ind2=" " tag="100"><subfield code="a">Tompkins, Michael A.,</subfield><subfield code="e">author.</subfield></datafield><datafield ind1="1" ind2="0" tag="245"><subfield code="a">Clinician's guide to severe hoarding :</subfield><subfield code="b">a harm reduction approach /</subfield><subfield code="c">Michael A. Tompkins.</subfield></datafield><datafield ind1=" " ind2="1" tag="264"><subfield code="a">New York :</subfield><subfield code="b">Springer,</subfield><subfield code="c">[2015]</subfield></datafield><datafield ind1=" " ind2="4" tag="264"><subfield code="c">&#169;2015</subfield></datafield><datafield ind1=" " ind2=" " tag="300"><subfield code="a">xxiii, 413 pages :</subfield><subfield code="b">illustrations ;</subfield><subfield code="c">24 cm</subfield></datafield><datafield ind1=" " ind2=" " tag="336"><subfield code="a">text</subfield><subfield code="b">txt</subfield><subfield code="2">rdacontent</subfield></datafield><datafield ind1=" " ind2=" " tag="337"><subfield code="a">unmediated</subfield><subfield code="b">n</subfield><subfield code="2">rdamedia</subfield></datafield><datafield ind1=" " ind2=" " tag="338"><subfield code="a">volume</subfield><subfield code="b">nc</subfield><subfield code="2">rdacarrier</subfield></datafield><datafield ind1=" " ind2=" " tag="504"><subfield code="a">Includes bibliographical references and index.</subfield></datafield><datafield ind1=" " ind2=" " tag="596"><subfield code="a">29</subfield></datafield><datafield ind1=" " ind2="0" tag="650"><subfield code="a">Compulsive hoarding</subfield><subfield code="x">Treatment</subfield><subfield code="v">Handbooks, manual, etc.</subfield></datafield><datafield ind1=" " ind2=" " tag="926"><subfield code="a">RC569.5 .H63 T65 2015</subfield><subfield code="w">LC</subfield><subfield code="c">1</subfield><subfield code="i">1007432089</subfield><subfield code="d">3/27/2017</subfield><subfield code="e">3/20/2017</subfield><subfield code="l">ON_SHELF</subfield><subfield code="m">GR_MACEWAN</subfield><subfield code="n">3</subfield><subfield code="p">$158.04</subfield><subfield code="r">Y</subfield><subfield code="s">Y</subfield><subfield code="t">BOOK</subfield><subfield code="u">2/12/2015</subfield></datafield></record>